<record><leader>00000cas a22000007a 4500</leader><controlfield tag="001">29493230</controlfield><controlfield tag="008">931214d19091909okuwr ne      0    0eng d</controlfield><datafield ind1=" " ind2=" " tag="010"><subfield code="a">sn 93066268 </subfield></datafield><datafield ind1=" " ind2=" " tag="040"><subfield code="a">OBN</subfield><subfield code="b">eng</subfield><subfield code="c">OBN</subfield><subfield code="d">OCL</subfield><subfield code="d">OCLCQ</subfield></datafield><datafield ind1=" " ind2=" " tag="042"><subfield code="a">msc</subfield></datafield><datafield ind1="0" ind2="0" tag="245"><subfield code="a">New County hub.</subfield></datafield><datafield ind1=" " ind2=" " tag="260"><subfield code="a">Gibson, Greer County, Okla. :</subfield><subfield code="b">Record Print. Co.</subfield></datafield><datafield ind1=" " ind2=" " tag="300"><subfield code="a">v.</subfield></datafield><datafield ind1=" " ind2=" " tag="310"><subfield code="a">Weekly</subfield></datafield><datafield ind1="0" ind2=" " tag="362"><subfield code="a">Vol. 2, no. 7 (Apr. 29, 1909)-v. 2, no. 30 (Oct. 7, 1909).</subfield></datafield><datafield ind1=" " ind2="4" tag="651"><subfield code="a">Gould (Okla.)</subfield><subfield code="v">Newspapers.</subfield></datafield><datafield ind1=" " ind2="4" tag="651"><subfield code="a">Harmon County (Okla.)</subfield><subfield code="v">Newspapers.</subfield></datafield><datafield ind1=" " ind2=" " tag="752"><subfield code="a">United States</subfield><subfield code="b">Oklahoma</subfield><subfield code="c">Harmon</subfield><subfield code="d">Gould.</subfield></datafield><datafield ind1=" " ind2=" " tag="752"><subfield code="a">United States</subfield><subfield code="b">Oklahoma</subfield><subfield code="c">Greer</subfield><subfield code="d">Gould.</subfield></datafield><datafield ind1="0" ind2="0" tag="780"><subfield code="t">Looney record</subfield><subfield code="w">(DLC)sn 93066267</subfield><subfield code="w">(OCoLC)29493185</subfield></datafield><datafield ind1="0" ind2="0" tag="785"><subfield code="t">Harmon County news</subfield><subfield code="w">(DLC)sn 93066269</subfield><subfield code="w">(OCoLC)29493259</subfield></datafield><datafield ind1="1" ind2=" " tag="029"><subfield code="a">AU@</subfield><subfield code="b">000010738257</subfield></datafield></record>